@inproceedings{webdata,
  title={Augmenting strong supervision using web data for fine-grained categorization},
  author={Xu, Zhe and Huang, Shaoli and Zhang, Ya and Tao, Dacheng},
  booktitle={Proceedings of the IEEE International Conference on Computer Vision},
  pages={2524--2532},
  year={2015}
}

@inproceedings{deeplac,
  title={Deep lac: Deep localization, alignment and classification for fine-grained recognition},
  author={Lin, Di and Shen, Xiaoyong and Lu, Cewu and Jia, Jiaya},
  booktitle={Proceedings of the IEEE Conference on Computer Vision and Pattern Recognition},
  pages={1666--1674},
  year={2015}
}
@inproceedings{partRCNN,
  title={Part-based R-CNNs for fine-grained category detection},
  author={Zhang, Ning and Donahue, Jeff and Girshick, Ross and Darrell, Trevor},
  booktitle={European conference on computer vision},
  pages={834--849},
  year={2014},
}
@inproceedings{mixDCNN,
  title={Fine-grained classification via mixture of deep convolutional neural networks},
  author={Ge, ZongYuan and Bewley, Alex and McCool, Christopher and Corke, Peter and Upcroft, Ben and Sanderson, Conrad},
  booktitle={Applications of Computer Vision (WACV), 2016 IEEE Winter Conference on},
  pages={1--6},
  year={2016},
}

@article{weblysupervised,
  title={Webly-supervised Fine-grained Visual Categorization via Deep Domain Adaptation},
  author={Xu, Zhe and Huang, Shaoli and Zhang, Ya and Tao, Dacheng},
  journal={IEEE Transactions on Pattern Analysis and Machine Intelligence},
  year={2016},
  publisher={IEEE}
}

@article{partrepresentation,
  title={Weakly supervised fine-grained categorization with part-based image representation},
  author={Zhang, Yu and Wei, Xiu-Shen and Wu, Jianxin and Cai, Jianfei and Lu, Jiangbo and Nguyen, Viet-Anh and Do, Minh N},
  journal={IEEE Transactions on Image Processing},
  pages={1713--1725},
  year={2016},
  publisher={IEEE}
}

@inproceedings{BCNN,
  title={Bilinear cnn models for fine-grained visual recognition},
  author={Lin, Tsung-Yu and RoyChowdhury, Aruni and Maji, Subhransu},
  booktitle={Proceedings of the IEEE International Conference on Computer Vision},
  pages={1449--1457},
  year={2015}
}
@article{cnntree,
  title={Learning fine-grained features via a CNN tree for large-scale classification},
  author={Wang, Zhenhua and Wang, Xingxing and Wang, Gang},
  journal={arXiv preprint arXiv:1511.04534},
  year={2015}
}

@inproceedings{coarsetofine,
  title={Exploiting coarse-to-fine mechanism for fine-grained recognition},
  author={Wang, Yongzhong and Zhang, Xu-Yao and Zhang, Yanming and Hou, Xinwen and Liu, Cheng-Lin},
  booktitle={Image Processing (ICIP), 2016 IEEE International Conference on},
  pages={649--653},
  year={2016},
  organization={IEEE}
}

@inproceedings{DML,
  title={Fine-grained categorization and dataset bootstrapping using deep metric learning with humans in the loop},
  author={Cui, Yin and Zhou, Feng and Lin, Yuanqing and Belongie, Serge},
  booktitle={Proceedings of the IEEE Conference on Computer Vision and Pattern Recognition},
  pages={1153--1162},
  year={2016}
}

@article{DVAN,
  author    = {Bo Zhao and
               Xiao Wu and
               Jiashi Feng and
               Qiang Peng and
               Shuicheng Yan},
  title     = {Diversified Visual Attention Networks for Fine-Grained Object Classification},
  journal   = {CoRR},
  volume    = {abs/1606.08572},
  year      = {2016},
  url       = {http://arxiv.org/abs/1606.08572},
  timestamp = {Fri, 01 Jul 2016 17:39:49 +0200},
  biburl    = {http://dblp.uni-trier.de/rec/bib/journals/corr/ZhaoWFPY16},
  bibsource = {dblp computer science bibliography, http://dblp.org}
}

@article{FCAN,
  title={Fine-Grained Recognition with Automatic and Efficient Part Attention},
  author={Liu, Xiao and Xia, Tian and Wang, Jiang and Yang, Yi and Zhou, Feng and Lin, Yuanqing}
}

@inproceedings{FS,
  title={Fine-grained maize cultivar identification using filter-specific convolutional activations},
  author={Lu, Hao and Cao, Zhiguo and Xiao, Yang and Fang, Zhiwen and Zhu, Yanjun},
  booktitle={Image Processing (ICIP), 2016 IEEE International Conference on},
  pages={3718--3722},
  year={2016},
  organization={IEEE}
}

@article{mpc,
  title={Part localization using multi-proposal consensus for fine-grained categorization},
  author={Shih, Kevin J and Mallya, Arun and Singh, Saurabh and Hoiem, Derek},
  journal={arXiv preprint arXiv:1507.06332},
  year={2015}
}

@InProceedings{partstackCNN,
author = {Huang, Shaoli and Xu, Zhe and Tao, Dacheng and Zhang, Ya},
title = {Part-Stacked CNN for Fine-Grained Visual Categorization},
booktitle = {The IEEE Conference on Computer Vision and Pattern Recognition (CVPR)},
month = {June},
year = {2016}
}
@article{posenorm,
	Author = {Steve, Branson and Grant, Van, Horn and Serge, Belongie and Pietro, Perona},
	Date-Added = {2017-03-13 06:26:01 +0000},
	Date-Modified = {2017-03-13 06:27:21 +0000},
	Journal = {CVPR},
	Title = {Bird Species Categorization Using Pose Normalized Deep Convolutional Nets},
	Year = {2014}}


@article{xingzuo,
	Author = {Marcel, Simon and Erik Rodner},
	Date-Added = {2017-03-13 06:34:55 +0000},
	Date-Modified = {2017-03-13 06:36:05 +0000},
	Journal = {ICCV},
	Pages = {1143-1151},
	Title = {Neural Activation Constellations: Unsupervised Part Model Discovery With Convolutional Networks},
	Year = {2015}}
	
@article{spatial,
	Author = {Max, Jaderberg and Karen, Simonyan and Andrew, Zisserman and koray, kavukcuoglu},
	Date-Added = {2017-03-13 06:38:31 +0000},
	Date-Modified = {2017-03-13 06:39:22 +0000},
	Journal = {NIPS},
	Title = {Spatial Transformer Networks},
	Year = {2015}}

@article{twolevel,
	Author = {Tianjun, Xiao and Yichong, Xu and Kuiyuan, Yang and Jiaxing, Zhang and Yuxin, Peng and Zheng, Zhang},
	Date-Added = {2017-03-13 06:29:03 +0000},
	Date-Modified = {2017-03-13 06:30:24 +0000},
	Journal = {CVPR},
	Pages = {842-850},
	Title = {The Application of Two-Level Attention Models in Deep Convolutional Neural Network for Fine-Grained Image Classification},
	Year = {2015}}